@inproceedings{cheng2020accqoc,
  title={Accqoc: Accelerating quantum optimal control based pulse generation},
  author={\textbf{Jinglei Cheng} and Deng, Haoqing and Qian, Xuehai},
  booktitle={2020 ACM/IEEE 47th Annual International Symposium on Computer Architecture (ISCA)},
  pages={543--555},
  year={2020},
  organization={IEEE}
}

@article{liang2024napa,
  title={NAPA: intermediate-level variational native-pulse ansatz for variational quantum algorithms},
  author={\textbf{Jinglei Cheng*} and Liang*, Zhiding and Ren, Hang and Wang, Hanrui and Hua, Fei and Song, Zhixin and Ding, Yongshan and Chong, Frederic T and Han, Song and Qian, Xuehai and others},
  journal={IEEE Transactions on Computer-Aided Design of Integrated Circuits and Systems},
  year={2024},
  publisher={IEEE}
}

@inproceedings{zhuo2018cse,
  title={Cse: Parallel finite state machines with convergence set enumeration},
  author={Zhuo, Youwei and \textbf{Jinglei Cheng} and Luo, Qinyi and Zhai, Jidong and Wang, Yanzhi and Luan, Zhongzhi and Qian, Xuehai},
  booktitle={2018 51st Annual IEEE/ACM International Symposium on Microarchitecture (MICRO)},
  pages={29--41},
  year={2018},
  organization={IEEE}
}

@article{zhu2024coqa,
  title={Coqa: Blazing Fast Compiler Optimizations for QAOA},
  author={\textbf{Jinglei Cheng*} and Zhu*, Yuchen and Zhou*, Yidong and Jin*, Yuwei and Li, Boxi and Niu, Siyuan and Liang, Zhiding},
  journal={ICCAD 2024},
  year={2024}
}

@article{liang2023spacepulse,
  title={SpacePulse: Combining Parameterized Pulses and Contextual Subspace for More Practical VQE},
  author={\textbf{Jinglei Cheng*} and Liang*, Zhiding and Song*, Zhixin and Ren*, Hang and Hao*, Tianyi and Yang*, Rui and Shi, Yiyu and Li, Tongyang},
  journal={DAC 2024},
  year={2024}
}

@article{wang2022quest,
  title={Quest: Graph transformer for quantum circuit reliability estimation},
  author={Wang, Hanrui and Liu, Pengyu and \textbf{Jinglei Cheng} and Liang, Zhiding and Gu, Jiaqi and Li, Zirui and Ding, Yongshan and Jiang, Weiwen and Shi, Yiyu and Qian, Xuehai and others},
  journal={ICCAD 2022},
  year={2022}
}




@inproceedings{liang2022variational,
  title={Variational quantum pulse learning},
  author={Liang, Zhiding and Wang, Hanrui and \textbf{Jinglei Cheng} and Ding, Yongshan and Ren, Hang and Gao, Zhengqi and Hu, Zhirui and Boning, Duane S and Qian, Xuehai and Han, Song and others},
  booktitle={2022 IEEE International Conference on Quantum Computing and Engineering (QCE)},
  pages={556--565},
  year={2022},
  organization={IEEE}
}



@inproceedings{liang2022hybrid,
  title={Hybrid gate-pulse model for variational quantum algorithms},
  author={Liang, Zhiding and Song, Zhixin and \textbf{Jinglei Cheng} and He, Zichang and Liu, Ji and Wang, Hanrui and Qin, Ruiyang and Wang, Yiru and Han, Song and Qian, Xuehai and others},
  booktitle={2023 Design Automation Conference (DAC)},
  year={2022}
}

@article{liang2024graph,
  title={Graph Learning for Parameter Prediction of Quantum Approximate Optimization Algorithm},
  author={Liang, Zhiding and Liu, Gang and Liu, Zheyuan and \textbf{Jinglei Cheng} and Hao, Tianyi and Liu, Kecheng and Ren, Hang and Song, Zhixin and Liu, Ji and Ye, Fanny and others},
  journal={DAC 2024},
  year={2024}
}



@article{cheng2022topgen,
  title={Topgen: Topology-aware bottom-up generator for variational quantum circuits},
  author={\textbf{Jinglei Cheng} and Wang, Hanrui and Liang, Zhiding and Shi, Yiyu and Han, Song and Qian, Xuehai},
  journal={arXiv preprint arXiv:2210.08190},
  year={2022}
}


@article{cheng2023fidelity,
  title={Fidelity estimator, randomized benchmarking and ZNE for quantum pulses},
  author={\textbf{Jinglei Cheng} and Liang, Zhiding and Yang, Rui and Ren, Hang and Shi, Yiyu and Li, Tongyang and Qian, Xuehai},
  journal={arXiv preprint arXiv:2305.12597},
  year={2023}
}


@article{cheng2024epoc,
  title={EPOC: A Novel Pulse Generation Framework Incorporating Advanced Synthesis Techniques for Quantum Circuits},
  author={\textbf{Jinglei Cheng} and Zhu, Yuchen and Zhou, Yidong and Ren, Hang and Song, Zhixin and Liang, Zhiding},
  journal={arXiv preprint arXiv:2405.03804},
  year={2024}
}



@article{qin2022improving,
  title={Improving quantum classifier performance in nisq computers by voting strategy from ensemble learning},
  author={Qin, Ruiyang and Liang, Zhiding and \textbf{Jinglei Cheng} and Kogge, Peter and Shi, Yiyu},
  journal={arXiv preprint arXiv:2210.01656},
  year={2022}
}







@article{liang2023towards,
  title={Towards advantages of parameterized quantum pulses},
  author={Liang, Zhiding and \textbf{Jinglei Cheng} and Song, Zhixin and Ren, Hang and Yang, Rui and Liu, Kecheng and Kogge, Peter and Li, Tongyang and Ding, Yongshan and Shi, Yiyu},
  journal={arXiv preprint arXiv:2304.09253},
  year={2023}
}


@article{ning2017magneto,
  title={Magneto-Seebeck effect in magnetic tunnel junctions with perpendicular anisotropy},
  author={Ning, Keyu and Liu, Houfang and Ju, Zhenyi and Fang, Chi and Wan, Caihua and \textbf{Jinglei Cheng} and Liu, Xiao and Li, Linsen and Feng, Jiafeng and Wei, Hongxiang and others},
  journal={Aip Advances},
  volume={7},
  number={1},
  year={2017},
  publisher={AIP Publishing}
}

@article{liang2023unleashing,
  title={Unleashing the potential of llms for quantum computing: A study in quantum architecture design},
  author={Liang, Zhiding and \textbf{Jinglei Cheng} and Yang, Rui and Ren, Hang and Song, Zhixin and Wu, Di and Qian, Xuehai and Li, Tongyang and Shi, Yiyu},
  journal={arXiv preprint arXiv:2307.08191},
  year={2023}
}



@article{wang2023robuststate,
  title={Robuststate: Boosting fidelity of quantum state preparation via noise-aware variational training},
  author={Wang, Hanrui and Liu, Yilian and Liu, Pengyu and Gu, Jiaqi and Li, Zirui and Liang, Zhiding and \textbf{Jinglei Cheng} and Ding, Yongshan and Qian, Xuehai and Shi, Yiyu and others},
  journal={arXiv preprint arXiv:2311.16035},
  year={2023}
}






@article{zhou2024quantum,
  title={Quantum-machine-assisted Drug Discovery: Survey and Perspective},
  author={Zhou, Yidong and Chen, Jintai and Li, Weikang and \textbf{Jinglei Cheng} and Karemore, Gopal and Zitnik, Marinka and Chong, Frederic and Liu, Junyu and Fu, Tianfan and Liang, Zhiding},
  journal={arXiv preprint arXiv:2408.13479},
  year={2024}
}
